<?xml version="1.0" encoding="UTF-8"?><record xmlns="http://www.loc.gov/MARC21/slim" xmlns:cinclude="http://apache.org/cocoon/include/1.0" xmlns:zs="http://www.loc.gov/zing/srw/">
  <leader>00435cz  a2200133n  4500</leader>
  <controlfield tag="001">n  86143090 </controlfield>
  <controlfield tag="003">DLC</controlfield>
  <controlfield tag="005">20080615080331.0</controlfield>
  <controlfield tag="008">860922n| acannaabn          |n aaa     c</controlfield>
  <datafield tag="010" ind1=" " ind2=" ">
    <subfield code="a">n  86143090 </subfield>
  </datafield>
  <datafield tag="035" ind1=" " ind2=" ">
    <subfield code="a">(OCoLC)oca01700556</subfield>
  </datafield>
  <datafield tag="040" ind1=" " ind2=" ">
    <subfield code="a">NjP</subfield>
    <subfield code="b">eng</subfield>
    <subfield code="c">DLC</subfield>
    <subfield code="d">OCoLC</subfield>
  </datafield>
  <datafield tag="100" ind1="1" ind2=" ">
    <subfield code="a">Salt, Denys</subfield>
  </datafield>
  <datafield tag="670" ind1=" " ind2=" ">
    <subfield code="a">His Austria, 1986:</subfield>
    <subfield code="b">t.p. (Denys Salt) cover p. 4 (retired Personnel Officer, BBC Information Service, works with Austrian Institute, London)</subfield>
  </datafield>
</record>